@online{geoserver,
	author = {{Open Source Geospatial Foundation}},
	title= {Geoserver},
	url= {{http://geoserver.org}},
	year= 2020,
        urldate={{07-07-2020}}
}
@online{Luftschadstoffkataster,
	author = {{Deutsche Bahn}},
	title= {Luftschadstoffkataster},
	year= 2020,
	url={{https://data.deutschebahn.com/dataset/luftschadstoffkataster}},
	urldate={20-06-2020}
}
@online{dbgeodaten,
	author = {{Deutsche Bahn}},
	title= {{Open-Data-Portal}},
	year= 2020,
	url= {{ https://data.deutschebahn.com/dataset/geo-strecke}},
	urldate={29-06-2020}
}
@online{layerswitcher,
	author = {{Matt Walker}},
	title{{OpenLayers LayerSwitcher}},
	year= 2020,
	url= {{https://github.com/walkermatt/ol-layerswitcher}}
}

@online{nox,
	author= {{Bund Friends of the Earth Germany}},
	title = {{Dieselfahrzeuge: Gesundheitsgefahren durch Stickoxide}},
	year = 2020,
	     url= {{https://www.bund.net/themen/mobilitaet/schadstoffe/stickoxide/}},
	     urldate={09-07-2020}
}
@online{ice3,
	author= {{Deutsche Bahn}},
	title={{ICE 3: Der Schnelle}},
	year = 2020,
	url{{https://www.bahn.de/p/view/service/zug/fahrzeuge/ice_3.shtml}},
	     urldate={09-07-2020}
}
@online{marschbahn,
	author= {{welt.de}},
	title= {{Das ist Deutschlands chaotischste, störungsanfälligste Bahnstrecke }},
	year= 2020,
	url{{https://www.welt.de/reise/deutschland/article201158974/Marschbahn-nach-Sylt-Die-Katastrophenstrecke-ist-ein-Risiko.html}},
	urldate={10-07-2020]}
}
